@misc{
    Yeh_2016, title={default of credit card clients}, 
    url={https://archive.ics.uci.edu/ml/machine-learning-databases/00350/}, 
    journal={Index of /ml/machine-learning-databases/00350}, 
    author={Yeh, I-Cheng}, 
    year={2016}, 
    month={Jan}
} 
@INPROCEEDINGS{8776802,
  author={Sayjadah, Yashna and Hashem, Ibrahim Abaker Targio and Alotaibi, Faiz and Kasmiran, Khairl Azhar},
  booktitle={2018 Fourth International Conference on Advances in Computing, Communication & Automation (ICACCA)}, 
  title={Credit Card Default Prediction using Machine Learning Techniques}, 
  year={2018},
  volume={},
  number={},
  pages={1-4},
  doi={10.1109/ICACCAF.2018.8776802}
}
@article{article,
author = {Hassan, Malik and Mirza, Tabasum},
year = {2020},
month = {07},
pages = {},
title = {Credit Card Default Prediction Using Artificial Neural Networks}
}